%YAML 1.1
%TAG !u! tag:unity3d.com,2011:
--- !u!244 &-6736364095829876348
AudioMixerEffectController:
  m_ObjectHideFlags: 3
  m_CorrespondingSourceObject: {fileID: 0}
  m_PrefabInstance: {fileID: 0}
  m_PrefabAsset: {fileID: 0}
  m_Name: 
  m_EffectID: a53de849e7022384c8264301fdbd3a16
  m_EffectName: Distortion
  m_MixLevel: 5205404ffcc21d14bab13f19206d1a41
  m_Parameters:
  - m_ParameterName: Level
    m_GUID: 7ef5a5de90cad194a8d1be8ec92022c6
  m_SendTarget: {fileID: 0}
  m_EnableWetMix: 0
  m_Bypass: 0
--- !u!243 &-6095849189039184511
AudioMixerGroupController:
  m_ObjectHideFlags: 0
  m_CorrespondingSourceObject: {fileID: 0}
  m_PrefabInstance: {fileID: 0}
  m_PrefabAsset: {fileID: 0}
  m_Name: Sounds
  m_AudioMixer: {fileID: 24100000}
  m_GroupID: a9e3e877de4d0e94c8e57b18b1f98aca
  m_Children: []
  m_Volume: d5669b75b4415cb46abfac9a9520cca9
  m_Pitch: ea24826310eb0824ba3a6d220cd81077
  m_Send: 00000000000000000000000000000000
  m_Effects:
  - {fileID: 1109739415710049801}
  - {fileID: -2994959798556518915}
  m_UserColorIndex: 0
  m_Mute: 0
  m_Solo: 0
  m_BypassEffects: 0
--- !u!244 &-4891174112072773361
AudioMixerEffectController:
  m_ObjectHideFlags: 3
  m_CorrespondingSourceObject: {fileID: 0}
  m_PrefabInstance: {fileID: 0}
  m_PrefabAsset: {fileID: 0}
  m_Name: 
  m_EffectID: ddf52e80f63719f40a04dca675d49871
  m_EffectName: Attenuation
  m_MixLevel: 9e32f9bde91e8c64995d481b5529e695
  m_Parameters: []
  m_SendTarget: {fileID: 0}
  m_EnableWetMix: 0
  m_Bypass: 0
--- !u!243 &-4534777762933068608
AudioMixerGroupController:
  m_ObjectHideFlags: 0
  m_CorrespondingSourceObject: {fileID: 0}
  m_PrefabInstance: {fileID: 0}
  m_PrefabAsset: {fileID: 0}
  m_Name: Music
  m_AudioMixer: {fileID: 24100000}
  m_GroupID: f241ac057ec1f9041a9022d1cc673b6c
  m_Children: []
  m_Volume: 577851da366fc154d86b6809d81cd328
  m_Pitch: aa3140b1e24ae6f48a79e21aa26ddb00
  m_Send: 00000000000000000000000000000000
  m_Effects:
  - {fileID: -2365392031377659807}
  - {fileID: -2831093016728404047}
  m_UserColorIndex: 0
  m_Mute: 0
  m_Solo: 0
  m_BypassEffects: 0
--- !u!243 &-3353843555663275862
AudioMixerGroupController:
  m_ObjectHideFlags: 0
  m_CorrespondingSourceObject: {fileID: 0}
  m_PrefabInstance: {fileID: 0}
  m_PrefabAsset: {fileID: 0}
  m_Name: Gun
  m_AudioMixer: {fileID: 24100000}
  m_GroupID: 5609293189040b848990912f00417fe1
  m_Children: []
  m_Volume: cb77616bc27c3084596e26eb1cc8ef21
  m_Pitch: 23ae4e4f1564a96439db92a03ea72dea
  m_Send: 00000000000000000000000000000000
  m_Effects:
  - {fileID: -1534881953888045369}
  - {fileID: 3878999024283764350}
  - {fileID: -6736364095829876348}
  - {fileID: -792802924863992008}
  - {fileID: -4891174112072773361}
  m_UserColorIndex: 0
  m_Mute: 0
  m_Solo: 0
  m_BypassEffects: 0
--- !u!244 &-2994959798556518915
AudioMixerEffectController:
  m_ObjectHideFlags: 3
  m_CorrespondingSourceObject: {fileID: 0}
  m_PrefabInstance: {fileID: 0}
  m_PrefabAsset: {fileID: 0}
  m_Name: 
  m_EffectID: 23dbf67be6c39fb4b89b8bab41ee1f03
  m_EffectName: Attenuation
  m_MixLevel: 066bcf4878dffee448c17c91aee852e0
  m_Parameters: []
  m_SendTarget: {fileID: 0}
  m_EnableWetMix: 0
  m_Bypass: 0
--- !u!244 &-2831093016728404047
AudioMixerEffectController:
  m_ObjectHideFlags: 3
  m_CorrespondingSourceObject: {fileID: 0}
  m_PrefabInstance: {fileID: 0}
  m_PrefabAsset: {fileID: 0}
  m_Name: 
  m_EffectID: d3303dafadbdce14b8fb02466f32803c
  m_EffectName: Attenuation
  m_MixLevel: 7f43167f74d99ea4dadd6d28bf068635
  m_Parameters: []
  m_SendTarget: {fileID: 0}
  m_EnableWetMix: 0
  m_Bypass: 0
--- !u!244 &-2365392031377659807
AudioMixerEffectController:
  m_ObjectHideFlags: 3
  m_CorrespondingSourceObject: {fileID: 0}
  m_PrefabInstance: {fileID: 0}
  m_PrefabAsset: {fileID: 0}
  m_Name: 
  m_EffectID: 13132bf8e712ff34b99c7b3b4e87259f
  m_EffectName: Duck Volume
  m_MixLevel: cdd760c57ba8c5c4f8e8359f729b5870
  m_Parameters:
  - m_ParameterName: Threshold
    m_GUID: 448714fc497471a4da736fb41f2c4fd8
  - m_ParameterName: Ratio
    m_GUID: d33898b9e8c8f1d4a90a915c31aa970d
  - m_ParameterName: Attack Time
    m_GUID: d3764d283a7f25a48a4bde7ff7982b03
  - m_ParameterName: Release Time
    m_GUID: b4954dcf6c42ee946a4208674535b3ae
  - m_ParameterName: Make-up Gain
    m_GUID: 2cb1ba98fd5e0674cbef1e061a6faab6
  - m_ParameterName: Knee
    m_GUID: 699593e0e48eba54397aad12c765875d
  - m_ParameterName: Sidechain Mix
    m_GUID: e79c682b934d3704fa77a3c3ed8b5b9c
  m_SendTarget: {fileID: 0}
  m_EnableWetMix: 0
  m_Bypass: 0
--- !u!244 &-1534881953888045369
AudioMixerEffectController:
  m_ObjectHideFlags: 3
  m_CorrespondingSourceObject: {fileID: 0}
  m_PrefabInstance: {fileID: 0}
  m_PrefabAsset: {fileID: 0}
  m_Name: 
  m_EffectID: a4e6d4d79a6294a49b05287632c24b53
  m_EffectName: ParamEQ
  m_MixLevel: d2bbf7d1ab52c5a43bfe0d890be32eb1
  m_Parameters:
  - m_ParameterName: Center freq
    m_GUID: 08aa40227a5f7dd4ebab8d44e9877738
  - m_ParameterName: Octave range
    m_GUID: 117047b98a779624685a8ea61b5cb960
  - m_ParameterName: Frequency gain
    m_GUID: 0a2aa1b27bbf1f343b9b6b82a7eb2f68
  m_SendTarget: {fileID: 0}
  m_EnableWetMix: 0
  m_Bypass: 0
--- !u!244 &-792802924863992008
AudioMixerEffectController:
  m_ObjectHideFlags: 3
  m_CorrespondingSourceObject: {fileID: 0}
  m_PrefabInstance: {fileID: 0}
  m_PrefabAsset: {fileID: 0}
  m_Name: 
  m_EffectID: 3538dc2a849778e4eb8383d17b6c0af0
  m_EffectName: Send
  m_MixLevel: a8497984e10d79b42bb7a0512691fd01
  m_Parameters: []
  m_SendTarget: {fileID: -2365392031377659807}
  m_EnableWetMix: 0
  m_Bypass: 0
--- !u!241 &24100000
AudioMixerController:
  m_ObjectHideFlags: 0
  m_CorrespondingSourceObject: {fileID: 0}
  m_PrefabInstance: {fileID: 0}
  m_PrefabAsset: {fileID: 0}
  m_Name: NewAudioMixer
  m_OutputGroup: {fileID: 0}
  m_MasterGroup: {fileID: 24300002}
  m_Snapshots:
  - {fileID: 24500006}
  m_StartSnapshot: {fileID: 24500006}
  m_SuspendThreshold: -80
  m_EnableSuspend: 1
  m_UpdateMode: 0
  m_ExposedParameters: []
  m_AudioMixerGroupViews:
  - guids:
    - 51380a7a38633f0459667c45e6a8d148
    - a9e3e877de4d0e94c8e57b18b1f98aca
    - f241ac057ec1f9041a9022d1cc673b6c
    - 5609293189040b848990912f00417fe1
    name: View
  m_CurrentViewIndex: 0
  m_TargetSnapshot: {fileID: 24500006}
--- !u!243 &24300002
AudioMixerGroupController:
  m_ObjectHideFlags: 0
  m_CorrespondingSourceObject: {fileID: 0}
  m_PrefabInstance: {fileID: 0}
  m_PrefabAsset: {fileID: 0}
  m_Name: Master
  m_AudioMixer: {fileID: 24100000}
  m_GroupID: 51380a7a38633f0459667c45e6a8d148
  m_Children:
  - {fileID: -6095849189039184511}
  - {fileID: -4534777762933068608}
  - {fileID: -3353843555663275862}
  m_Volume: 9a465b7267973a7478ba41a035cb90e9
  m_Pitch: d0c4a78aa80aa76449a629473079ad77
  m_Send: 00000000000000000000000000000000
  m_Effects:
  - {fileID: 24400004}
  m_UserColorIndex: 0
  m_Mute: 0
  m_Solo: 0
  m_BypassEffects: 0
--- !u!244 &24400004
AudioMixerEffectController:
  m_ObjectHideFlags: 3
  m_CorrespondingSourceObject: {fileID: 0}
  m_PrefabInstance: {fileID: 0}
  m_PrefabAsset: {fileID: 0}
  m_Name: 
  m_EffectID: a29784297a8f3c841a7e0cd1920f20c8
  m_EffectName: Attenuation
  m_MixLevel: 61d21033fe161fc44aea9e8c1c7494a5
  m_Parameters: []
  m_SendTarget: {fileID: 0}
  m_EnableWetMix: 0
  m_Bypass: 0
--- !u!245 &24500006
AudioMixerSnapshotController:
  m_ObjectHideFlags: 0
  m_CorrespondingSourceObject: {fileID: 0}
  m_PrefabInstance: {fileID: 0}
  m_PrefabAsset: {fileID: 0}
  m_Name: Snapshot
  m_AudioMixer: {fileID: 24100000}
  m_SnapshotID: c4f6d6ea61480644a9ce37c60c328ef5
  m_FloatValues:
    08aa40227a5f7dd4ebab8d44e9877738: 20
    0a2aa1b27bbf1f343b9b6b82a7eb2f68: 0.05
    f88147946b042554bb0cb51c16393cc4: 1
    6637a318b2373d24b9dd1ed29ceb2f16: 1.2700001
    821b9809951f36844973ddf4a55ba622: 487.75018
    117047b98a779624685a8ea61b5cb960: 1.16
    7ef5a5de90cad194a8d1be8ec92022c6: 0.363
  m_TransitionOverrides: {}
--- !u!244 &1109739415710049801
AudioMixerEffectController:
  m_ObjectHideFlags: 3
  m_CorrespondingSourceObject: {fileID: 0}
  m_PrefabInstance: {fileID: 0}
  m_PrefabAsset: {fileID: 0}
  m_Name: 
  m_EffectID: 103fbb14f19544a4891efa09bb0522b8
  m_EffectName: Send
  m_MixLevel: 79ca48a6a45c74b439d85863a88eafd6
  m_Parameters: []
  m_SendTarget: {fileID: -2365392031377659807}
  m_EnableWetMix: 0
  m_Bypass: 0
--- !u!244 &3878999024283764350
AudioMixerEffectController:
  m_ObjectHideFlags: 3
  m_CorrespondingSourceObject: {fileID: 0}
  m_PrefabInstance: {fileID: 0}
  m_PrefabAsset: {fileID: 0}
  m_Name: 
  m_EffectID: c2794ab26a6bb1b4eb6f4e7ad8497341
  m_EffectName: ParamEQ
  m_MixLevel: e6ecd185a66b36943a2a40f565173fca
  m_Parameters:
  - m_ParameterName: Center freq
    m_GUID: 821b9809951f36844973ddf4a55ba622
  - m_ParameterName: Octave range
    m_GUID: f88147946b042554bb0cb51c16393cc4
  - m_ParameterName: Frequency gain
    m_GUID: 6637a318b2373d24b9dd1ed29ceb2f16
  m_SendTarget: {fileID: 0}
  m_EnableWetMix: 0
  m_Bypass: 0
